<?xml version="1.0" encoding="UTF-8" ?>
<marc:collection xmlns:marc="http://www.loc.gov/MARC21/slim" 
xmlns:xsi="http://www.w3.org/2001/XMLSchema-instance" 
xsi:schemaLocation="http://www.loc.gov/MARC21/slim 
http://www.loc.gov/standards/marcxml/schema/MARC21slim.xsd">
  <marc:record>
    <marc:leader>00000nam a2200421 c 4500</marc:leader>
    <marc:controlfield tag="007">cr |||||||||||</marc:controlfield>
    <marc:controlfield tag="007">tu</marc:controlfield>
    <marc:controlfield tag="008">      |2017    au      om    ||| |     u</marc:controlfield>
    <marc:datafield tag="040" ind1=" " ind2=" ">
      <marc:subfield code="a">UBG</marc:subfield>
      <marc:subfield code="b">ger</marc:subfield>
      <marc:subfield code="c">VL-WG-UBG</marc:subfield>
      <marc:subfield code="e">rda</marc:subfield>
    </marc:datafield>
    <marc:datafield tag="044" ind1=" " ind2=" ">
      <marc:subfield code="c">XA-AT</marc:subfield>
    </marc:datafield>
    <marc:datafield tag="100" ind1="1" ind2=" ">
      <marc:subfield code="a">Neddermeyer, Eva Maria</marc:subfield>
      <marc:subfield code="4">aut</marc:subfield>
    </marc:datafield>
    <marc:datafield tag="245" ind1="0" ind2="0">
      <marc:subfield code="a">Pharmazeutische Aspekte der Alzheimer-Demenz unter besonderer Betrachtung des Risikofaktors Diabetes mellitus Typ 2</marc:subfield>
    </marc:datafield>
    <marc:datafield tag="246" ind1="3" ind2="3">
      <marc:subfield code="a">Pharmaceutical aspects of Alzheimer&apos;s disease under special consideration of the risk factor Diabetes mellitus type 2</marc:subfield>
    </marc:datafield>
    <marc:datafield tag="264" ind1=" " ind2="1">
      <marc:subfield code="a">Graz</marc:subfield>
      <marc:subfield code="c">2017</marc:subfield>
    </marc:datafield>
    <marc:datafield tag="336" ind1=" " ind2=" ">
      <marc:subfield code="b">txt</marc:subfield>
    </marc:datafield>
    <marc:datafield tag="337" ind1=" " ind2=" ">
      <marc:subfield code="b">n</marc:subfield>
    </marc:datafield>
    <marc:datafield tag="338" ind1=" " ind2=" ">
      <marc:subfield code="b">nc</marc:subfield>
    </marc:datafield>
    <marc:datafield tag="500" ind1=" " ind2=" ">
      <marc:subfield code="a">Arbeit an der Bibliothek noch nicht eingelangt - Daten nicht geprüft</marc:subfield>
    </marc:datafield>
    <marc:datafield tag="500" ind1=" " ind2=" ">
      <marc:subfield code="a">Abweichender Titel laut Übersetzung des Verfassers/der Verfasserin</marc:subfield>
    </marc:datafield>
    <marc:datafield tag="502" ind1=" " ind2=" ">
      <marc:subfield code="b">Diplomarbeit</marc:subfield>
      <marc:subfield code="c">Karl-Franzens-Universität Graz</marc:subfield>
      <marc:subfield code="d">2017</marc:subfield>
    </marc:datafield>
    <marc:datafield tag="520" ind1=" " ind2=" ">
        <marc:subfield code="a">ger: Die Alzheimer-Demenz ist die häufigste Form aller Demenzarten. Trotz intensiver Forschungsarbeiten gibt es bis heute keine kausale Therapiemöglichkeit, um die Krankheit zu heilen. Lediglich eine Verzögerung der Alzheimer-Demenz ist möglich, dessen Verlauf als langsam und stetig beschrieben wird. Kernsymptome der Alzheimer-Demenz sind eingeschränkte kognitive Leistungsfähigkeiten wie beispielsweise Gedächtnisverlust, Orientierungslosigkeit und Sprachstörungen. Zur Diagnosestellung können unterschiedliche Verfahren beitragen, eine eindeutige Feststellung der Alzheimer-Demenz kann aber nur nach dem Tod erfolgen. Wie schon von Alois Alzheimer beschrieben, werden in bestimmten Hirnregionen ß-Amyloid Plaques und Tau Proteine abgelagert, die für die Entstehung der Erkrankung verantwortlich sind. Für den Ausbruch der Alzheimer-Demenz spielen auch zahlreiche Risikofaktoren eine bedeutende Rolle. Hauptrisikofaktoren sind das Alter und eine genetische Disposition für diese Erkrankung. Aktuell wird auch Diabetes mellitus Typ 2 als möglicher Risikofaktor diskutiert. Epidemiologische Langzeitstudien bestätigen einen direkten Zusammenhang. Diabetes mellitus Typ 2 bringt einen hohen Blutzuckerspiegel mit sich, der bei schlechter Einstellung zu Defiziten der Gehirnleistung führen kann. Dadurch steigt das Risiko auch an Alzheimer-Demenz zu erkranken. Auch ein schlechter Lebensstil oder mangelndes Selbstmanagement bezüglich Medikation spielen eine Rolle. Diese Diplomarbeit zeigt im Rahmen einer Literaturrecherche den aktuellen Stand über den Zusammenhang von Alzheimer-Demenz und Diabetes mellitus Typ 2 auf. Faktoren wie Störungen des Glukosestoffwechsels, zerebrale Insulinresistenz, Hypoglykämien oder ischämische Faktoren und Depression stehen besonders im Vordergrund dieser Arbeit. Neue Ansätze zur Therapie und Prävention beider Erkrankungen aus pharmazeutischer Sicht stehen ebenso im Blickpunkt. Dazu zählen Galaktosepulver, nasale Insulintherapie und neuroprotektive Antidiabetika.</marc:subfield>
    </marc:datafield>
    <marc:datafield tag="520" ind1=" " ind2=" ">
      <marc:subfield code="a">eng: The Alzheimer’s disease is the most occurring form of all dementia types. Despite intensive research work there are no causal therapeutic possibilities to heal patients. It is only possible to delay the Alzheimer’s disease which has a slow and steady progress. Fundamental symptoms of the Alzheimer’s disease are limited cognitive abilities like memory loss, disorientation and speech disorder. Different diagnostic methods could quickly contribute a diagnosis. However, a clear diagnosis of Alzheimer’s disease can only be carried out posthumously. As already described by Alois Alzheimer ß-amyloid plaques and tau proteins were diagnosed in particular areas of the brain which is accountable for the appearance of the disease. Many risk factors are considerable in relation to Alzheimer’s disease. Age and genetic disposition are the main risk factors. Further Diabetes mellitus type 2 also gets an important potential risk factor. Epidemiological long-term studies confirm a direct relationship between these two diseases. Diabetes mellitus type 2 involves a high level of blood sugar which could cause mental deficits affected by bad attitude. Therefore, the risk rises for older Diabetes mellitus type 2 patients rises to come down with Alzheimer’s disease too. A bad lifestyle or lacking self-management relating to medication are also relevant for both diseases. This diploma thesis shows in the context of a literature research the status quo about the relationship between Alzheimer’s disease and Diabetes mellitus type 2. Factors like interruption of glucose metabolism, cerebral insulin resistance, hypoglycaemias or ischaemic factors and depression are especially highlighted in this thesis. New approaches for therapy and prevention of both diseases from a pharmaceutical point of view are focused as well. That includes galactose powder, nasal insulin therapy and neuroprotective antidiabetics.</marc:subfield>
    </marc:datafield>
    <marc:datafield tag="655" ind1=" " ind2="7">
      <marc:subfield code="a">Hochschulschrift</marc:subfield>
      <marc:subfield code="0">(DE-588)4113937-9</marc:subfield>
      <marc:subfield code="2">gnd-content</marc:subfield>
    </marc:datafield>
    <marc:datafield tag="700" ind1="1" ind2=" ">
      <marc:subfield code="4">aut</marc:subfield>
    </marc:datafield>
    <marc:datafield tag="751" ind1=" " ind2=" ">
      <marc:subfield code="a">Graz</marc:subfield>
      <marc:subfield code="0">(DE-588)4021912-4</marc:subfield>
      <marc:subfield code="4">uvp</marc:subfield>
      <marc:subfield code="2">gnd</marc:subfield>
    </marc:datafield>
    <marc:datafield tag="856" ind1="4" ind2=" ">
      <marc:subfield code="u">https://it013179.pers.ad.uni-graz.at:7090/Nawi/71525eca3b07f0e0fb843e82856684d9.pdf</marc:subfield>
      <marc:subfield code="x">UBG</marc:subfield>
      <marc:subfield code="3">Volltext</marc:subfield>
    </marc:datafield>
    <marc:datafield tag="970" ind1="2" ind2=" ">
      <marc:subfield code="d">HS-DIPL</marc:subfield>
    </marc:datafield>
    <marc:datafield tag="971" ind1="1" ind2=" ">
      <marc:subfield code="a">Gößnitzer, Edith</marc:subfield>
    </marc:datafield>
    <marc:datafield tag="971" ind1="3" ind2=" ">
      <marc:subfield code="a">2017-11</marc:subfield>
    </marc:datafield>
    <marc:datafield tag="971" ind1="5" ind2=" ">
      <marc:subfield code="a">Universität Graz</marc:subfield>
      <marc:subfield code="b">Naturwissenschaftliche Fakultät</marc:subfield>
      <marc:subfield code="c">Institut für Pharmazeutische Wissenschaften</marc:subfield>
      <marc:subfield code="0">vls-obvugr-196515</marc:subfield>
    </marc:datafield>
    <marc:datafield tag="974" ind1="0" ind2="s">
      <marc:subfield code="F">030</marc:subfield>
      <marc:subfield code="A">a|1urr|||||17</marc:subfield>
    </marc:datafield>
    <marc:datafield tag="974" ind1="0" ind2="s">
      <marc:subfield code="F">050</marc:subfield>
      <marc:subfield code="A">a|a|||||g|||||</marc:subfield>
    </marc:datafield>
    <marc:datafield tag="974" ind1="0" ind2="s">
      <marc:subfield code="F">051</marc:subfield>
      <marc:subfield code="A">mu||||||</marc:subfield>
    </marc:datafield>
  </marc:record>
</marc:collection>
